%---------------------------------------------------------------------------------------------------
% Regeln:
% - authors must be added by  `and' 
% - Umlaute and sz with {\"a}, {\"o}, {\"u}, {\ss}, {\"A}, ...
%---------------------------------------------------------------------------------------------------

%start of the reference list ---------------------------------------------------------------

%---------------------------------------------------------------------------------------------------
% LaTeX
%---------------------------------------------------------------------------------------------------




@misc{googleDirecAPI,
author	= "Google",
title	= "Google Direction API",
howpublished="[Online] \url{https://developers.google.com/maps/documentation/directions/}"
}

@misc{rpi3,
title	= "Raspberry pi 3",
howpublished="[Online] \url{https://www.raspberrypi.org/products/raspberry-pi-3-model-b/}"
}

@misc{mvc,
title = {{ASP.NET MVC Overview}},
howpublished = "[Online] \url{https://msdn.microsoft.com/en-us/library/dd381412(v=vs.108).aspx}",
urldate = {2017-12-25}
}

@misc{mvp,
title = {{The Model-View-Presenter (MVP) Pattern}},
howpublished = "[Online] \url{https://msdn.microsoft.com/en-us/library/ff649571.aspx}",
urldate = {2017-12-25}
}

@misc{mapbox,
title = {{Mapbox API Documentation}},
howpublished = "[Online] \url{https://www.mapbox.com/api-documentation/?language=Java}",
urldate = {2017-12-25}
}

@misc{raspbien,
title = {{Raspbian}},
howpublished = "[Online] \url{https://www.raspbian.org/}",
}

@misc{androidThings,
title = {{Android Things Intro}},
author= "Google",
howpublished = "[Online] \url{https://developer.android.com/things/get-started/index.html}",
}

@article{Martinfowler2014,
author = {Martin fowler},
title = {{Inversion of Control Containers and the Dependency Injection pattern}},
howpublished = "[Online] \url{https://www.martinfowler.com/articles/injection.html{\#}FormsOfDependencyInjection}",
year = {2014}
}

@misc{IoT,
author = {Sas},
title = {{What is the Internet of Things (IoT) | SAS}},
howpublished = "[Online] \url{https://www.sas.com/en{\_}us/insights/big-data/internet-of-things.html}",
urldate = {2017-12-26}
}

@misc{http,
title = {{What is HTTP (Hypertext Transfer Protocol)? - Definition from WhatIs.com}},
howpublished =  "[Online] \url{http://searchwindevelopment.techtarget.com/definition/HTTP}",
urldate = {2017-12-26}
}

@article{Hotop2015,
author = {Hotop, Hans-J{\"{u}}rgen},
title = {{Software Engineering Contents (main subjects) HAW Hamburg}},
url = {http://users.etech.haw-hamburg.de/users/Hotop/Java/SE1scriptss2015.pdf},
year = {2015}
}

@article{Potel,
abstract = {Taligent, a wholly-owned subsidiary of IBM, is developing a next generation programming model for the C++ and Java programming languages, called Model-View-Presenter or MVP, based on a generalization of the classic MVC programming model of Smalltalk. MVP provides a powerful yet easy to understand design methodology for a broad range of application and component development tasks. Taligent's framework-based implementation of these concepts adds great value to developer programs that employ MVP. MVP also is adaptable across multiple client/server and multi-tier application architectures. MVP will enable IBM to deliver a unified conceptual programming model across all its major object-oriented language environments. Smalltalk Programming Model The most familiar example of a programming model is the Model-View-Controller (MVC) model 1 of Smalltalk developed at Xerox PARC in the late 1970's. MVC is the fundamental design pattern used in Smalltalk for implementing graphical user interface (GUI) objects, and it has been reused and adopted to varying degrees in most other GUI class libraries and application frameworks since.},
author = {Potel, Mike},
file = {:C$\backslash$:/Users/prann/AppData/Local/Mendeley Ltd./Mendeley Desktop/Downloaded/Potel - Unknown - MVP Model-View-Presenter The Taligent Programming Model for C and Java.pdf:pdf},
title = {{MVP: Model-View-Presenter The Taligent Programming Model for C++ and Java}},
url = {http://www.wildcrest.com/Potel/Portfolio/mvp.pdf}
}

@misc{AdamCarlson,
author = {{Adam Carlson}},
title = {{Coupling and Cohesion}},
howpublished =  "[Online] \url{https://courses.cs.washington.edu/courses/cse403/96sp/coupling-cohesion.html}",
urldate = {2017-12-28}
}

@misc{Gradle,
author = {Gradle},
title = {{Gradle Build Tool}},
howpublished = "[Online] \url{https://gradle.org/}",
urldate = {2018-01-08}
}

@misc{GoogleIO,
author = {Google},
title = {{Peripheral I/O | Android Things}},
howpublished = "[Online] \url{https://developer.android.com/things/sdk/pio/index.html}",
urldate = {2018-01-08}
}

@misc{GoogleStart,
author = {Google},
title = {{Building Your First App | Android Developers}},
howpublished = "[Online] \url{https://developer.android.com/training/basics/firstapp/index.html}",
urldate = {2018-01-08}
}

@misc{GoogleWebServices,
author = {Google},
title = {{Google Maps Web Service APIs  |  Google Developers}},
howpublished = "[Online] \url{https://developers.google.com/maps/web-services/}",
urldate = {2018-01-08}
}


@misc{MicrosoftMVC,
author = {Microsoft},
title = {{Introduction to ASP.NET Core | Microsoft Docs}},
howpublished = "[Online] \url{https://docs.microsoft.com/en-us/aspnet/core/{\#}build-web-apis-and-web-ui-using-aspnet-core-mvc}",
urldate = {2018-01-08}
}

@misc{JavaSpring,
author = {{Java Spring}},
title = {{Web on Servlet Stack}},
howpublished = "[Online] \url{https://docs.spring.io/spring/docs/current/spring-framework-reference/web.html}",
urldate = {2018-01-08}
}

@misc{TinMegali2016,
author = {{Tin Megali}},
title = {{How to Adopt Model View Presenter on Android}},
howpublished = "[Online] \url{https://code.tutsplus.com/tutorials/how-to-adopt-model-view-presenter-on-android--cms-26206}",
urldate = {2018-01-08},
year = {2016}
}

@misc{Codepath,
author = {Codepath},
title = {{Creating Custom Listeners | CodePath Android Cliffnotes}},
howpublished = "[Online] \url{https://guides.codepath.com/android/Creating-Custom-Listeners}",
urldate = {2018-01-11}
}

@misc{Pivotal,
author = {Pivotal, Spring},
title = {{Understanding POJO}},
howpublished = "[Online] \url{https://spring.io/understanding/POJO}",
urldate = {2018-01-11}
}

@misc{GoogleAsync,
author = {Google},
title = {{AsyncTask | Android Developers}},
howpublished = "[Online] \url{https://developer.android.com/reference/android/os/AsyncTask.html}",
urldate = {2018-01-11}
}

@misc{Square,
author = {Square},
title = {{Retrofit}},
howpublished = "[Online] \url{http://square.github.io/retrofit/}",
urldate = {2018-01-11}
}

@misc{SquareDagger,
author = {Square},
title = {{Dagger}},
howpublished = "[Online] \url{http://square.github.io/dagger/}",
urldate = {2018-01-11}
}

@article{AkhileshGoveeshSEECHURN,
author = {{Akhilesh Goveesh SEECHURN}},
number = {2017-09-28},
title = {{Software development and best coding practices | SUPINFO, {\'{E}}cole Sup{\'{e}}rieure d'Informatique}},
howpublished = "[Online] \url{https://www.supinfo.com/articles/single/5724-software-development-and-best-coding-practices}"
}

% End of reference list -----------------------------------------------------------------